% Encoding: UTF-8

@Book{Silge2017,
  title     = {Text mining with R: A tidy approach},
  publisher = {" O'Reilly Media, Inc."},
  year      = {2017},
  author    = {Silge, Julia and Robinson, David},
  url       = {https://www.tidytextmining.com/},
}

@Article{Wickham2014,
  author    = {Hadley Wickham},
  title     = {Tidy Data},
  journal   = {Journal of Statistical Software},
  year      = {2014},
  volume    = {59},
  number    = {10},
  doi       = {10.18637/jss.v059.i10},
  file      = {:Wickham2014 - Tidy Data.pdf:PDF},
  publisher = {Foundation for Open Access Statistic},
}

@Book{Manning2008,
  title     = {Introduction to Information Retrieval},
  publisher = {Cambridge University Pr.},
  year      = {2008},
  author    = {Manning, Christopher D. and Raghavan, Prabhakar and Schütze, Hinrich},
  isbn      = {0521865719},
  date      = {2008-09-01},
  ean       = {9780521865715},
  file      = {:Manning2008 - Introduction to Information Retrieval.pdf:PDF},
  pagetotal = {496},
  url       = {https://www.ebook.de/de/product/7455223/christopher_d_manning_prabhakar_raghavan_hinrich_schuetze_introduction_to_information_retrieval.html},
}

@Misc{Wikipedia2019,
  author       = {{Wikipedia contributors}},
  title        = {Tf–idf --- {Wikipedia}{,} The Free Encyclopedia},
  howpublished = {\url{https://en.wikipedia.org/w/index.php?title=Tf%E2%80%93idf&oldid=883826958}},
  year         = {2019},
  note         = {[Online; accessed 2-March-2019]},
  url          = {https://en.wikipedia.org/w/index.php?title=Tf%E2%80%93idf&oldid=883826958},
}

@Article{Wild1999,
  author    = {C. J. Wild and M. Pfannkuch},
  title     = {Statistical Thinking in Empirical Enquiry},
  journal   = {International Statistical Review},
  year      = {1999},
  volume    = {67},
  number    = {3},
  pages     = {223--248},
  month     = {dec},
  doi       = {10.1111/j.1751-5823.1999.tb00442.x},
  file      = {:Wild1999 - Statistical Thinking in Empirical Enquiry.pdf:PDF},
  publisher = {Wiley},
}

@Article{Thurner2015,
  author    = {Stefan Thurner and Rudolf Hanel and Bo Liu and Bernat Corominas-Murtra},
  title     = {Understanding Zipfs law of word frequencies through sample-space collapse in sentence formation},
  journal   = {Journal of The Royal Society Interface},
  year      = {2015},
  volume    = {12},
  number    = {108},
  pages     = {20150330},
  month     = {jun},
  doi       = {10.1098/rsif.2015.0330},
  file      = {:Thurner2015 - Understanding Zipfs Law of Word Frequencies through Sample Space Collapse in Sentence Formation.pdf:PDF},
  publisher = {The Royal Society},
}

@Misc{Wikipedia2019a,
  author = {{Wikipedia contributors}},
  title  = {Skeuomorph --- {Wikipedia}{,} The Free Encyclopedia},
  year   = {2019},
  note   = {[Online; accessed 2-March-2019]},
  url    = {https://en.wikipedia.org/w/index.php?title=Skeuomorph&oldid=885386512},
}

@Article{Oeztuerk2018,
  author    = {Nazan Öztürk and Serkan Ayvaz},
  title     = {Sentiment analysis on Twitter: A text mining approach to the Syrian refugee crisis},
  journal   = {Telematics and Informatics},
  year      = {2018},
  volume    = {35},
  number    = {1},
  pages     = {136--147},
  month     = {apr},
  doi       = {10.1016/j.tele.2017.10.006},
  file      = {:Oeztuerk2018 - Sentiment Analysis on Twitter_ a Text Mining Approach to the Syrian Refugee Crisis.pdf:PDF},
  publisher = {Elsevier {BV}},
}

@Comment{jabref-meta: databaseType:bibtex;}
