@Manual{,
  title = {R: A Language and Environment for Statistical Computing},
  author = {{R Core Team}},
  organization = {R Foundation for Statistical Computing},
  address = {Vienna, Austria},
  year = {2019},
  url = {https://www.R-project.org/},
}
@Manual{,
  title = {readr: Read Rectangular Text Data},
  author = {Hadley Wickham and Jim Hester and Romain Francois},
  year = {2018},
  note = {R package version 1.3.1},
  url = {https://CRAN.R-project.org/package=readr},
}
@Manual{,
  title = {tibble: Simple Data Frames},
  author = {Kirill Müller and Hadley Wickham},
  year = {2019},
  note = {R package version 2.1.3},
  url = {https://CRAN.R-project.org/package=tibble},
}
@Manual{,
  title = {stringr: Simple, Consistent Wrappers for Common String Operations},
  author = {Hadley Wickham},
  year = {2019},
  note = {R package version 1.4.0},
  url = {https://CRAN.R-project.org/package=stringr},
}
@Manual{,
  title = {dplyr: A Grammar of Data Manipulation},
  author = {Hadley Wickham and Romain François and Lionel Henry and Kirill Müller},
  year = {2019},
  note = {R package version 0.8.3},
  url = {https://CRAN.R-project.org/package=dplyr},
}
@Manual{,
  title = {readxl: Read Excel Files},
  author = {Hadley Wickham and Jennifer Bryan},
  year = {2019},
  note = {R package version 1.3.1},
  url = {https://CRAN.R-project.org/package=readxl},
}
@Manual{,
  title = {purrr: Functional Programming Tools},
  author = {Lionel Henry and Hadley Wickham},
  year = {2019},
  note = {R package version 0.3.3},
  url = {https://CRAN.R-project.org/package=purrr},
}
@Article{,
  title = {tidytext: Text Mining and Analysis Using Tidy Data Principles in R},
  author = {Julia Silge and David Robinson},
  doi = {10.21105/joss.00037},
  url = {http://dx.doi.org/10.21105/joss.00037},
  year = {2016},
  publisher = {The Open Journal},
  volume = {1},
  number = {3},
  journal = {JOSS},
}
@Manual{,
  title = {{textstem}: Tools for stemming and lemmatizing text},
  author = {Tyler W. Rinker},
  address = {Buffalo, New York},
  note = {version 0.1.4},
  year = {2018},
  url = {http://github.com/trinker/textstem},
}
@Manual{,
  title = {magrittr: A Forward-Pipe Operator for R},
  author = {Stefan Milton Bache and Hadley Wickham},
  year = {2014},
  note = {R package version 1.5},
  url = {https://CRAN.R-project.org/package=magrittr},
}
@Manual{,
  title = {R: A Language and Environment for Statistical Computing},
  author = {{R Core Team}},
  organization = {R Foundation for Statistical Computing},
  address = {Vienna, Austria},
  year = {2019},
  url = {https://www.R-project.org/},
}
@Manual{,
  title = {textrank: Summarize Text by Ranking Sentences and Finding Keywords},
  author = {Jan Wijffels},
  year = {2019},
  note = {R package version 0.3.0},
  url = {https://CRAN.R-project.org/package=textrank},
}
@Manual{,
  title = {lexRankr: Extractive Summarization of Text with the LexRank Algorithm},
  author = {Adam Spannbauer and Bryan White},
  year = {2019},
  note = {R package version 0.5.2},
  url = {https://CRAN.R-project.org/package=lexRankr},
}
@Manual{,
  title = {ggpage: Creates Page Layout Visualizations},
  author = {Emil Hvitfeldt},
  year = {2019},
  note = {R package version 0.2.3},
  url = {https://CRAN.R-project.org/package=ggpage},
}
@Book{,
  author = {Hadley Wickham},
  title = {ggplot2: Elegant Graphics for Data Analysis},
  publisher = {Springer-Verlag New York},
  year = {2016},
  isbn = {978-3-319-24277-4},
  url = {https://ggplot2.tidyverse.org},
}
@Manual{,
  title = {forcats: Tools for Working with Categorical Variables (Factors)},
  author = {Hadley Wickham},
  year = {2019},
  note = {R package version 0.4.0},
  url = {https://CRAN.R-project.org/package=forcats},
}
@Manual{,
  title = {shiny: Web Application Framework for R},
  author = {Winston Chang and Joe Cheng and JJ Allaire and Yihui Xie and Jonathan McPherson},
  year = {2019},
  note = {R package version 1.4.0},
  url = {https://CRAN.R-project.org/package=shiny},
}
@Manual{,
  title = {ggwordcloud: A Word Cloud Geom for 'ggplot2'},
  author = {Erwan {Le Pennec} and Kamil Slowikowski},
  year = {2019},
  note = {R package version 0.5.0},
  url = {https://CRAN.R-project.org/package=ggwordcloud},
}
@Manual{,
  title = {textdata: Download and Load Various Text Datasets},
  author = {Emil Hvitfeldt},
  year = {2019},
  note = {R package version 0.3.0},
  url = {https://CRAN.R-project.org/package=textdata},
}
@Manual{,
  title = {tm: Text Mining Package},
  author = {Ingo Feinerer and Kurt Hornik},
  year = {2018},
  note = {R package version 0.7-6},
  url = {https://CRAN.R-project.org/package=tm},
}

@Article{,
  title = {Text Mining Infrastructure in R},
  author = {Ingo Feinerer and Kurt Hornik and David Meyer},
  year = {2008},
  journal = {Journal of Statistical Software},
  volume = {25},
  number = {5},
  pages = {1--54},
  url = {http://www.jstatsoft.org/v25/i05/},
  month = {March},
}
@Article{,
  title = {quanteda: An R package for the quantitative analysis of textual data},
  journal = {Journal of Open Source Software},
  author = {Kenneth Benoit and Kohei Watanabe and Haiyan Wang and Paul Nulty and Adam Obeng and Stefan Müller and Akitaka Matsuo},
  doi = {10.21105/joss.00774},
  url = {https://quanteda.io},
  volume = {3},
  number = {30},
  pages = {774},
  year = {2018},
}
@Manual{,
  title = {{sentimentr}: Calculate Text Polarity Sentiment},
  author = {Tyler W. Rinker},
  address = {Buffalo, New York},
  note = {version 2.7.1},
  year = {2019},
  url = {http://github.com/trinker/sentimentr},
}
@Manual{,
  title = {dygraphs: Interface to 'Dygraphs' Interactive Time Series Charting Library},
  author = {Dan Vanderkam and JJ Allaire and Jonathan Owen and Daniel Gromer and Benoit Thieurmel},
  year = {2018},
  note = {R package version 1.1.1.6},
  url = {https://CRAN.R-project.org/package=dygraphs},
}
@Manual{,
  title = {gutenbergr: Download and Process Public Domain Works from Project Gutenberg},
  author = {David Robinson},
  year = {2019},
  note = {R package version 0.1.5},
  url = {https://CRAN.R-project.org/package=gutenbergr},
}
@Manual{rtweet-package,
  title = {rtweet: Collecting Twitter Data},
  author = {Michael W. Kearney},
  year = {2019},
  note = {R package version 0.6.9},
  url = {https://cran.r-project.org/package=rtweet},
}
@Manual{,
  title = {udpipe: Tokenization, Parts of Speech Tagging, Lemmatization and
Dependency Parsing with the 'UDPipe' 'NLP' Toolkit},
  author = {Jan Wijffels},
  year = {2019},
  note = {R package version 0.8.3},
  url = {https://CRAN.R-project.org/package=udpipe},
}
@Manual{,
  title = {BTM: Biterm Topic Models for Short Text},
  author = {Jan Wijffels},
  year = {2019},
  note = {R package version 0.2.1},
  url = {https://CRAN.R-project.org/package=BTM},
}
@Misc{,
  title = {{crfsuite}: Conditional Random Fields for Labelling Sequential Data in Natural Language Processing based on CRFsuite: a fast implementation of Conditional Random Fields (CRFs)},
  author = {Jan Wijffels and Naoaki Okazaki},
  year = {2007-2018},
  url = {https://github.com/bnosac/crfsuite},
  organization = {BNOSAC},
  note = {R package version 0.1},
}
@Manual{,
  title = {humaniformat: A Parser for Human Names},
  author = {Oliver Keyes},
  year = {2016},
  note = {R package version 0.6.0},
  url = {https://CRAN.R-project.org/package=humaniformat},
}
@Manual{,
  title = {gganimate: A Grammar of Animated Graphics},
  author = {Thomas Lin Pedersen and David Robinson},
  year = {2019},
  note = {R package version 1.0.3},
  url = {https://CRAN.R-project.org/package=gganimate},
}
@Manual{,
  title = {WikipediaR: R-Based Wikipedia Client},
  author = {Avner Bar-Hen},
  year = {2016},
  note = {R package version 1.1},
  url = {https://CRAN.R-project.org/package=WikipediaR},
}
