@article{Silge2016tidytext,
	journal = {The Journal of Open Source Software},
	doi = {10.21105/joss.00037},
	issn = {2475-9066},
	number = {3},
	publisher = {The Open Journal},
	title = {tidytext: Text Mining and Analysis Using Tidy Data Principles in R},
	url = {http://dx.doi.org/10.21105/joss.00037},
	volume = {1},
	author = {Silge, Julia and Robinson, David},
	pages = {37},
	date = {2016-07-11},
	year = {2016},
	month = {7},
	day = {11},
}

@Online{dictionary:_term_defin_term,
  editor = 	 {Merriam-Webster Dictionary},
  title = 	 {Term | Definition of Term},
  date = 	 {2019-08-17},
  url = 	 {https://www.merriam-webster.com/dictionary/term}}

